<?xml version="1.0" encoding="UTF-8"?>
<collection xmlns="http://www.loc.gov/MARC21/slim">
 <record>
  <leader>02523cam a2200493Ka 4500</leader>
  <controlfield tag="001">8355427</controlfield>
  <controlfield tag="005">20160809102545.8</controlfield>
  <controlfield tag="006">m        d        </controlfield>
  <controlfield tag="007">cr bn||||||abp</controlfield>
  <controlfield tag="007">cr bn||||||ada</controlfield>
  <controlfield tag="008">100410m20002011iluab   ob    000 0 eng d</controlfield>
  <controlfield tag="003">OLE</controlfield>
  <datafield tag="020" ind1=" " ind2=" ">
   <subfield code="z">1885923163 (alk. paper)</subfield>
  </datafield>
  <datafield tag="020" ind1=" " ind2=" ">
   <subfield code="z">9781885923165 (alk. paper)</subfield>
  </datafield>
  <datafield tag="035" ind1=" " ind2=" ">
   <subfield code="a">(OCoLC)606322685</subfield>
  </datafield>
  <datafield tag="035" ind1=" " ind2=" ">
   <subfield code="a">8355427</subfield>
  </datafield>
  <datafield tag="040" ind1=" " ind2=" ">
   <subfield code="a">OCLCE</subfield>
   <subfield code="b">eng</subfield>
   <subfield code="c">OCLCE</subfield>
   <subfield code="d">OCLCQ</subfield>
   <subfield code="d">CGU</subfield>
  </datafield>
  <datafield tag="042" ind1=" " ind2=" ">
   <subfield code="a">dlr</subfield>
  </datafield>
  <datafield tag="043" ind1=" " ind2=" ">
   <subfield code="a">f-ua---</subfield>
  </datafield>
  <datafield tag="049" ind1=" " ind2=" ">
   <subfield code="a">CGUA</subfield>
  </datafield>
  <datafield tag="050" ind1=" " ind2="4">
   <subfield code="a">DT73.B56</subfield>
   <subfield code="b">B57 2000</subfield>
  </datafield>
  <datafield tag="050" ind1=" " ind2="4">
   <subfield code="a">PJ2</subfield>
   <subfield code="b">.C5 no.28</subfield>
  </datafield>
  <datafield tag="082" ind1="0" ind2="4">
   <subfield code="a">962/.3</subfield>
   <subfield code="2">22</subfield>
  </datafield>
  <datafield tag="245" ind1="0" ind2="0">
   <subfield code="a">Bir Umm Fawakhir survey project 1993</subfield>
   <subfield code="h">[electronic resource] :</subfield>
   <subfield code="b">a Byzantine gold-mining town in Egypt /</subfield>
   <subfield code="c">by Carol Meyer ... [et al.].</subfield>
  </datafield>
  <datafield tag="260" ind1=" " ind2=" ">
   <subfield code="a">Chicago, Ill. :</subfield>
   <subfield code="b">Oriental Institute of the University of Chicago,</subfield>
   <subfield code="c">2000-2011.</subfield>
  </datafield>
  <datafield tag="300" ind1=" " ind2=" ">
   <subfield code="a">1 online resource (2 v. (xviii, 92 p. ; xxviii, 219 p., 107 p. of plates)) :</subfield>
   <subfield code="b">ill., maps</subfield>
  </datafield>
  <datafield tag="490" ind1="1" ind2=" ">
   <subfield code="a">Oriental Institute communications ;</subfield>
   <subfield code="v">no. 28,30</subfield>
  </datafield>
  <datafield tag="500" ind1=" " ind2=" ">
   <subfield code="a">Vol. 2 has title: Bir Umm Fawakhir : report on the 1996-1997 survey seasons.</subfield>
  </datafield>
  <datafield tag="504" ind1=" " ind2=" ">
   <subfield code="a">Includes bibliographical references.</subfield>
  </datafield>
  <datafield tag="506" ind1=" " ind2=" ">
   <subfield code="3">v.[1]</subfield>
   <subfield code="a">Use copy</subfield>
   <subfield code="f">Restrictions unspecified</subfield>
   <subfield code="2">star</subfield>
   <subfield code="5">MiAaHDL</subfield>
  </datafield>
  <datafield tag="533" ind1=" " ind2=" ">
   <subfield code="3">v.[1]</subfield>
   <subfield code="a">Electronic reproduction.</subfield>
   <subfield code="b">[S.l.] :</subfield>
   <subfield code="c">HathiTrust Digital Library,</subfield>
   <subfield code="d">2010.</subfield>
   <subfield code="5">MiAaHDL</subfield>
  </datafield>
  <datafield tag="538" ind1=" " ind2=" ">
   <subfield code="3">v.[1]</subfield>
   <subfield code="a">Master and use copy. Digital master created according to Benchmark for Faithful Digital Reproductions of Monographs and Serials, Version 1. Digital Library Federation, December 2002.</subfield>
   <subfield code="u">http://purl.oclc.org/DLF/benchrepro0212</subfield>
   <subfield code="5">MiAaHDL</subfield>
  </datafield>
  <datafield tag="583" ind1="1" ind2=" ">
   <subfield code="3">v.[1]</subfield>
   <subfield code="a">digitized</subfield>
   <subfield code="c">2010</subfield>
   <subfield code="h">HathiTrust Digital Library</subfield>
   <subfield code="l">committed to preserve</subfield>
   <subfield code="2">pda</subfield>
   <subfield code="5">MiAaHDL</subfield>
  </datafield>
  <datafield tag="650" ind1=" " ind2="0">
   <subfield code="a">Gold mines and mining</subfield>
   <subfield code="z">Egypt</subfield>
   <subfield code="z">Bir Umm Fawahkir Site.</subfield>
  </datafield>
  <datafield tag="651" ind1=" " ind2="0">
   <subfield code="a">Bir Umm Fawahkir Site (Egypt)</subfield>
  </datafield>
  <datafield tag="650" ind1=" " ind2="7">
   <subfield code="a">Gold mines and mining.</subfield>
   <subfield code="2">fast</subfield>
   <subfield code="0">http://id.worldcat.org/fast/fst00944469</subfield>
  </datafield>
  <datafield tag="700" ind1="1" ind2=" ">
   <subfield code="a">Meyer, Carol,</subfield>
   <subfield code="d">1949-</subfield>
  </datafield>
  <datafield tag="740" ind1="0" ind2=" ">
   <subfield code="a">Bir Umm Fawakhir : report on the 1996-1997 survey seasons.</subfield>
  </datafield>
  <datafield tag="776" ind1="0" ind2="8">
   <subfield code="i">Print version:</subfield>
   <subfield code="t">Bir Umm Fawakhir survey project 1993.</subfield>
   <subfield code="d">Chicago, Ill. : Oriental Institute of the University of Chicago, 2000</subfield>
   <subfield code="w">(DLC) 99069094</subfield>
   <subfield code="w">(OCoLC)47656997</subfield>
  </datafield>
  <datafield tag="830" ind1=" " ind2="0">
   <subfield code="a">Oriental Institute communications ;</subfield>
   <subfield code="v">no. 28, 30</subfield>
  </datafield>
  <datafield tag="856" ind1="4" ind2="0">
   <subfield code="3">v.[1]</subfield>
   <subfield code="u">http://bibpurl.oclc.org/web/42235</subfield>
  </datafield>
  <datafield tag="856" ind1="4" ind2="1">
   <subfield code="3">v.2</subfield>
   <subfield code="u">http://bibpurl.oclc.org/web/43746</subfield>
  </datafield>
  <datafield tag="928" ind1=" " ind2=" ">
   <subfield code="u">http://bibpurl.oclc.org/web/43746</subfield>
   <subfield code="p">v.2</subfield>
   <subfield code="c">FullText</subfield>
   <subfield code="l">Online</subfield>
   <subfield code="t">LCC</subfield>
   <subfield code="a">DT73.B56B57 2000</subfield>
  </datafield>
  <datafield tag="928" ind1=" " ind2=" ">
   <subfield code="u">http://bibpurl.oclc.org/web/42235</subfield>
   <subfield code="p">v.[1]</subfield>
   <subfield code="c">FullText</subfield>
   <subfield code="l">Online</subfield>
   <subfield code="t">LCC</subfield>
   <subfield code="a">DT73.B56B57 2000</subfield>
  </datafield>
 </record>
</collection>
